@article{example1,
  author = {Author One},
  title = {Title of the First Example Paper},
  journal = {Journal Name},
  year = {2023}
}

@article{example2,
  author = {Author Two},
  title = {Title of the Second Example Paper},
  journal = {Another Journal},
  year = {2022}
}
